<record><leader>00000cas a2200000 a 4500</leader><controlfield tag="001">47773632</controlfield><controlfield tag="008">010813d194u1952oruwr ne      0    0eng c</controlfield><datafield ind1=" " ind2=" " tag="010"><subfield code="a">  2001260316</subfield></datafield><datafield ind1=" " ind2=" " tag="040"><subfield code="a">ORU</subfield><subfield code="b">eng</subfield><subfield code="c">ORU</subfield><subfield code="d">OCLCQ</subfield><subfield code="d">OCLCF</subfield><subfield code="d">OCLCO</subfield></datafield><datafield ind1="1" ind2=" " tag="029"><subfield code="a">AU@</subfield><subfield code="b">000022917297</subfield></datafield><datafield ind1=" " ind2=" " tag="042"><subfield code="a">pcc</subfield></datafield><datafield ind1=" " ind2=" " tag="043"><subfield code="a">n-us-or</subfield></datafield><datafield ind1="0" ind2="4" tag="245"><subfield code="a">The Chehalem Valley news.</subfield></datafield><datafield ind1=" " ind2=" " tag="260"><subfield code="a">Newberg, Ore. :</subfield><subfield code="b">J. Stamper,</subfield><subfield code="c">-1952.</subfield></datafield><datafield ind1=" " ind2=" " tag="300"><subfield code="a">v. :</subfield><subfield code="b">ill. ;</subfield><subfield code="c">45 cm.</subfield></datafield><datafield ind1=" " ind2=" " tag="310"><subfield code="a">Weekly</subfield></datafield><datafield ind1="0" ind2=" " tag="362"><subfield code="a">-v. 5, no. 25 (June 26, 1952).</subfield></datafield><datafield ind1=" " ind2=" " tag="530"><subfield code="a">Also issued on microfilm from University of Oregon.</subfield></datafield><datafield ind1=" " ind2=" " tag="588"><subfield code="a">Description based on: Vol. 2, no. 31 (Aug. 11, 1949).</subfield></datafield><datafield ind1=" " ind2="0" tag="651"><subfield code="a">Newberg (Or.)</subfield><subfield code="v">Newspapers.</subfield></datafield><datafield ind1=" " ind2="7" tag="655"><subfield code="a">Newspapers.</subfield><subfield code="2">fast</subfield><subfield code="0">(OCoLC)fst01423814</subfield></datafield><datafield ind1=" " ind2="7" tag="651"><subfield code="a">Oregon</subfield><subfield code="z">Newberg.</subfield><subfield code="2">fast</subfield><subfield code="0">(OCoLC)fst01226306</subfield></datafield><datafield ind1=" " ind2=" " tag="752"><subfield code="a">United States</subfield><subfield code="b">Oregon</subfield><subfield code="c">Yamhill</subfield><subfield code="d">Newberg.</subfield></datafield><datafield ind1="0" ind2="4" tag="785"><subfield code="t">Newberg graphic</subfield><subfield code="w">(DLC)sn 96088233</subfield><subfield code="w">(OCoLC)30309376</subfield></datafield></record>